@book{fujimoto2000parallel,
  title={Parallel and distributed simulation systems},
  author={Fujimoto, Richard M},
  volume={300},
  year={2000},
  publisher={Wiley New York}
}